@INPROCEEDINGS{10312321,
  author={Shankar, Adithya and Himanshu and Kandath, Harikumar and Senthilnath, J.},
  booktitle={IECON 2023- 49th Annual Conference of the IEEE Industrial Electronics Society}, 
  title={Acceleration-Based PSO for Multi-UAV Source-Seeking}, 
  year={2023},
  volume={},
  number={},
  pages={1-6},
  keywords={Industrial electronics;Network topology;Autonomous aerial vehicles;Size measurement;Linear particle accelerator;Stability analysis;Mathematical models},
  doi={10.1109/IECON51785.2023.10312321}
}